@book{blekherman2012semidefinite,
  title={Semidefinite optimization and convex algebraic geometry},
  author={Blekherman, Grigoriy and Parrilo, Pablo A and Thomas, Rekha R},
  year={2012},
  publisher={SIAM}
}

@incollection{scheiderer2009positivity,
  title={Positivity and sums of squares: a guide to recent results},
  author={Scheiderer, Claus},
  booktitle={Emerging applications of algebraic geometry},
  pages={271--324},
  year={2009},
  publisher={Springer}
}

@incollection{parrilo2005exploiting,
  title={Exploiting algebraic structure in sum of squares programs},
  author={Parrilo, Pablo A},
  booktitle={Positive polynomials in control},
  pages={181--194},
  year={2005},
  publisher={Springer}
}

@article{peyrl2008computing,
  title={Computing sum of squares decompositions with rational coefficients},
  author={Peyrl, Helfried and Parrilo, Pablo A},
  journal={Theoretical Computer Science},
  volume={409},
  number={2},
  pages={269--281},
  year={2008},
  publisher={Elsevier}
}
